@online{FreePhotoTicket,
  title = {Free {{Photo}} | {{Ticket}} Barriers at Subway Entrance},
  url = {https://www.freepik.com/free-photo/ticket-barriers-subway-entrance_1120720.htm},
  urldate = {2023-11-06},
  abstract = {Download this Free Photo about Ticket barriers at subway entrance, and discover more than 1 Million Professional Stock Photos on Freepik. \#freepik \#photo \#securitygate \#metrostation \#subway},
  langid = {english},
  organization = {{Freepik}},
  file = {/home/areo/Zotero/storage/85PB728E/ticket-barriers-subway-entrance_1120720.html}
}

@online{karagilaAnswerPreciseDefinition2011,
  title = {Answer to "{{Precise}} Definition of "Weaker" and "Stronger"?"},
  shorttitle = {Answer to "{{Precise}} Definition of "Weaker" and "Stronger"?},
  author = {Karagila, Asaf},
  date = {2011-07-25},
  url = {https://math.stackexchange.com/a/53712},
  urldate = {2023-10-28},
  organization = {{Mathematics Stack Exchange}}
}

@online{LogicIfVs,
  title = {The {{Logic}} of "{{If}}" vs. "{{Only}} If" (Article) | {{Khan Academy}}},
  url = {https://www.khanacademy.org/_render},
  urldate = {2023-10-28},
  langid = {english},
  file = {/home/areo/Zotero/storage/2YX4PXZH/logic-toolbox--if-and-only-if.html}
}

@online{mAnswerWhatDefinition2010,
  title = {Answer to "{{What}} Is the Definition of the \$\textbackslash uplus\$ Symbol?"},
  shorttitle = {Answer to "{{What}} Is the Definition of the \$\textbackslash uplus\$ Symbol?},
  author = {M, J.},
  date = {2010-04-17},
  url = {https://mathoverflow.net/a/21644},
  urldate = {2023-11-12},
  organization = {{MathOverflow}},
  file = {/home/areo/Zotero/storage/AQCH2UEN/what-is-the-definition-of-the-uplus-symbol.html}
}

@online{newbAnswerConditionalStatements2013,
  title = {Answer to "{{Conditional Statements}}: "Only If""},
  shorttitle = {Answer to "{{Conditional Statements}}},
  author = {Newb},
  date = {2013-12-24},
  url = {https://math.stackexchange.com/a/617569},
  urldate = {2023-10-28},
  organization = {{Mathematics Stack Exchange}},
  file = {/home/areo/Zotero/storage/JXIJ9EZI/conditional-statements-only-if.html}
}
