@online{AnswerWhatDifference2018,
  title = {Answer to "{{What}} Is the Difference between Tree Search and Graph Search?"},
  shorttitle = {Answer to "{{What}} Is the Difference between Tree Search and Graph Search?},
  date = {2018-12-16},
  url = {https://ai.stackexchange.com/a/9554},
  urldate = {2023-06-04},
  organization = {{Artificial Intelligence Stack Exchange}},
  file = {/home/areo/Zotero/storage/YJLYFXFC/what-is-the-difference-between-tree-search-and-graph-search.html}
}

@online{DownloadWhiteBackground,
  title = {Download {{White}} Background with Orange Geometric for Free},
  url = {https://www.vecteezy.com/vector-art/11171111-white-background-with-orange-geometric},
  urldate = {2023-04-25},
  abstract = {Download the White background with orange geometric 11171111 royalty-free Vector from Vecteezy for your project and explore over a million other vectors, icons and clipart graphics!},
  langid = {english},
  organization = {{Vecteezy}},
  file = {/home/areo/Zotero/storage/4UXYW48J/11171111-white-background-with-orange-geometric.html}
}

@online{Pseudocode2023,
  title = {Pseudocode},
  date = {2023-05-30T21:14:02Z},
  origdate = {2016-03-09T05:32:33Z},
  url = {https://github.com/aimacode/aima-pseudocode},
  urldate = {2023-06-04},
  abstract = {Pseudocode descriptions of the algorithms from Russell And Norvig's "Artificial Intelligence - A Modern Approach"}
}

@book{russell2010artificial,
  title = {Artificial Intelligence a Modern Approach},
  author = {Russell, Stuart J},
  date = {2010},
  publisher = {{Pearson Education, Inc.}}
}

@online{vineetnayak28AnswerWhatDifference2016,
  title = {Answer to "{{What}}'s the Difference between Uniform-Cost Search and {{Dijkstra}}'s Algorithm?"},
  shorttitle = {Answer to "{{What}}'s the Difference between Uniform-Cost Search and {{Dijkstra}}'s Algorithm?},
  author = {VineetNayak28},
  date = {2016-09-08},
  url = {https://stackoverflow.com/a/39396812},
  urldate = {2023-06-05},
  organization = {{Stack Overflow}},
  file = {/home/areo/Zotero/storage/LD7FL7MQ/whats-the-difference-between-uniform-cost-search-and-dijkstras-algorithm.html}
}

@online{ziggystarAnswerWhatDifference2013,
  title = {Answer to "{{What}} Is the Difference between Graph Search and Tree Search?"},
  shorttitle = {Answer to "{{What}} Is the Difference between Graph Search and Tree Search?},
  author = {{ziggystar}},
  date = {2013-03-07},
  url = {https://stackoverflow.com/a/15281447},
  urldate = {2023-06-05},
  organization = {{Stack Overflow}},
  file = {/home/areo/Zotero/storage/SR2ALPD7/what-is-the-difference-between-graph-search-and-tree-search.html}
}
