@online{ebermannAnswerWhyMixColumns2011,
  title = {Answer to "{{Why}} Is {{MixColumns}} Omitted from the Last Round of {{AES}}?"},
  shorttitle = {Answer to "{{Why}} Is {{MixColumns}} Omitted from the Last Round of {{AES}}?},
  author = {Ebermann, Pa≈≠lo},
  date = {2011-11-29},
  url = {https://crypto.stackexchange.com/a/1362},
  urldate = {2023-11-03},
  organization = {{Cryptography Stack Exchange}},
  file = {/home/areo/Zotero/storage/8EYAZRD3/why-is-mixcolumns-omitted-from-the-last-round-of-aes.html}
}

@online{FigCipherClassifications,
  title = {Fig. 2. {{The}} Cipher Classifications.},
  url = {https://www.researchgate.net/figure/The-cipher-classifications_fig2_366174830},
  urldate = {2023-11-03},
  abstract = {Download scientific diagram | The cipher classifications. from publication: Modern and Lightweight Component-based Symmetric Cipher Algorithms: A Review | Information security, being one of the corner stones of network and communication technology, has been evolving tremendously to cope with the parallel evolution of network security threats. Hence, cipher algorithms in the core of the information security process have more... | Modernism, Cryptography Algorithms and Security | ResearchGate, the professional network for scientists.},
  langid = {english},
  organization = {{ResearchGate}},
  file = {/home/areo/Zotero/storage/VHX7RJST/The-cipher-classifications_fig2_366174830.html}
}

@online{pulpspyAnswerWhyMixColumns2011,
  title = {Answer to "{{Why}} Is {{MixColumns}} Omitted from the Last Round of {{AES}}?"},
  shorttitle = {Answer to "{{Why}} Is {{MixColumns}} Omitted from the Last Round of {{AES}}?},
  author = {PulpSpy},
  date = {2011-11-29},
  url = {https://crypto.stackexchange.com/a/1359},
  urldate = {2023-11-03},
  organization = {{Cryptography Stack Exchange}},
  file = {/home/areo/Zotero/storage/HPK9ZTRT/why-is-mixcolumns-omitted-from-the-last-round-of-aes.html}
}

@online{sequeiraAttackAESOmission,
  title = {Attack on {{AES}}: {{Omission}} of {{MixColumns}}},
  shorttitle = {Attack on {{AES}}},
  author = {Sequeira, Luis},
  url = {https://www.telecomsharing.com/en/laboratory/results/item/68-attack-on-aes-omission-of-mixcolumns},
  urldate = {2023-11-03},
  abstract = {A recent study by Orr Dunkelman and Nathan Keller shows that security can be compromised by the omission of such transformation. The results show that in the case of the analysis by omitting MixColumns, the algorithm complexity is reduced by a factor of 2\^16.},
  langid = {british},
  file = {/home/areo/Zotero/storage/2NUKU6AX/68-attack-on-aes-omission-of-mixcolumns.html}
}
